Account Name       :                	HOTEL NILACHAL
Address            :	BAHADURPUR NEAR RAILWAY STATION  BAHADURPUR DHUBULIA  NADIA  Nadia
                                    	KRISHNAGAR(DIST.NADIA)
                                    	WEST BENGAL-741125
                                    	India
Date               :                	2 Mar 2026
Account Number     :	_00000042576693393
Account Description:	CA-REGULAR-PUB-OTH-ALL-INR
Branch             :	KRISHNAGAR
Drawing Power      :	0.00
Interest Rate(% p.a.):	0.0
MOD Balance      :	0.00
CIF No.          :	_91378157353
IFS Code         :	SBIN0000122
MICR Code        :	_741002008
Balance on 1 Feb 2026        :	4,74,496.66
Start Date          :	1 Feb 2026
End Date            :	2 Mar 2026
Txn Date	Value Date	Description	Ref No./Cheque No.	Branch Code	        Debit	Credit	Balance	
1 Feb 2026	1 Feb 2026	   BY TRANSFER-NEFT*UTIB0000553*AXNGG03283911372*GOOGLE INDIA DIG--	TRANSFER FROM 99509044300 / 	4430	 	43,154.00	5,17,650.66
2 Feb 2026	2 Feb 2026	   BY TRANSFER-NEFT*UTIB0000553*AXNGG03390707651*GOOGLE INDIA DIG--	TRANSFER FROM 99509044300 / 	4430	 	16,800.00	5,34,450.66
2 Feb 2026	2 Feb 2026	   BULK POSTING-CR_RELEASE HOLD-F- WB081354--	 / 	16899	 	2,468.50	5,36,919.16
2 Feb 2026	2 Feb 2026	   BULK POSTING-CR_RELEASE HOLD-F- WB081354--	 / 	16899	 	8,519.27	5,45,438.43
2 Feb 2026	2 Feb 2026	   BULK POSTING-CR_HOTEL NILACHAL             WB081354        0102--	 / 	16899	 	20,010.26	5,65,448.69
2 Feb 2026	2 Feb 2026	   TO TRANSFER-INB NEFT UTR NO: SBIN426033659492--S S ENTERPRISE	NEFT INB: CNAEYEIXV4                              TRANSFER TO 4698149044309 / S S ENTERPRISE	99922	26,451.00	 	5,38,997.69
2 Feb 2026	2 Feb 2026	   TO TRANSFER-INB NEFT UTR NO: SBIN426033699156--VIMAL APPARELS	NEFT INB: CNAEYEKWL1                              TRANSFER TO 4697164044309 / VIMAL APPARELS	99922	650.00	 	5,38,347.69
2 Feb 2026	2 Feb 2026	   TO TRANSFER-INB NEFT UTR NO: SBIN426033767729--SAYAN SARKAR	NEFT INB: CNAEYENRK4                              TRANSFER TO 4697154044300 / SAYAN SARKAR	99922	7,000.00	 	5,31,347.69
2 Feb 2026	2 Feb 2026	   TO TRANSFER-INB NEFT UTR NO: SBIN426033870952--KKR INDUSTRIES	NEFT INB: CNAEYEQST6                              TRANSFER TO 4697155044309 / KKR INDUSTRIES	99922	1,712.00	 	5,29,635.69
2 Feb 2026	2 Feb 2026	   TO TRANSFER-INB NEFT UTR NO: SBIN526033924087--BOOKING COM B V	NEFT INB: CNAEYFIWU2                              TRANSFER TO 4698152044304 / BOOKING COM B V	99922	5,833.50	 	5,23,802.19
2 Feb 2026	2 Feb 2026	   BY TRANSFER-NEFT*HDFC0000240*HDFCH00775029346*MAKEMYTRIP INDIA--	TRANSFER FROM 99509044300 / 	4430	 	1,182.00	5,24,984.19
2 Feb 2026	2 Feb 2026	   TO TRANSFER-INB NEFT UTR NO: SBIN526033930084--BOOKING COM B V	NEFT INB: CNAEYFJBN0                              TRANSFER TO 4698147044301 / BOOKING COM B V	99922	3,821.54	 	5,21,162.65
2 Feb 2026	2 Feb 2026	   TO TRANSFER-INB NEFT UTR NO: SBIN526033932164--BOOKING COM B V	NEFT INB: CNAEYFJDU9                              TRANSFER TO 4697163044300 / BOOKING COM B V	99922	10,621.87	 	5,10,540.78
3 Feb 2026	3 Feb 2026	   BY TRANSFER-NEFT*UTIB0000553*AXNGG03499848630*GOOGLE INDIA DIG--	TRANSFER FROM 99509044300 / 	4430	 	35,200.00	5,45,740.78
3 Feb 2026	3 Feb 2026	   BY TRANSFER-NEFT*UTIB0001506*AXISCN1238925233*RAZORPAY PAYMENT--	TRANSFER FROM 99509044300 / 	4430	 	4,393.80	5,50,134.58
3 Feb 2026	3 Feb 2026	   TO TRANSFER-INB--	8214022393517CHW0359803               TRANSFER TO 4694723162091 / 	99922	1,864.00	 	5,48,270.58
3 Feb 2026	3 Feb 2026	   TO TRANSFER-INB--	5528036590337CHW0374831               TRANSFER TO 4694722162092 / 	99922	132.00	 	5,48,138.58
3 Feb 2026	3 Feb 2026	   BY TRANSFER-NEFT*HDFC0000240*HDFCH00777919582*MAKEMYTRIP INDIA--	TRANSFER FROM 99509044300 / 	4430	 	2,040.00	5,50,178.58
3 Feb 2026	3 Feb 2026	   TO TRANSFER-INB NEFT UTR NO: SBIN226034494378--S S  ENTERPRISE	NEFT INB: CNAEYHAAQ8                              TRANSFER TO 4698149044309 / S S  ENTERPRISE	99922	10,212.00	 	5,39,966.58
4 Feb 2026	4 Feb 2026	   BY TRANSFER-NEFT*UTIB0000553*AXNGG03507666465*GOOGLE INDIA DIG--	TRANSFER FROM 99509044300 / 	4430	 	19,166.00	5,59,132.58
4 Feb 2026	4 Feb 2026	   BULK POSTING-CR_RELEASE HOLD-F- WB081354--	 / 	16899	 	1,468.50	5,60,601.08
4 Feb 2026	4 Feb 2026	   BULK POSTING-CR_HOTEL NILACHAL             WB081354        0302--	 / 	16899	 	2,643.30	5,63,244.38
4 Feb 2026	4 Feb 2026	   BY TRANSFER-NEFT*UTIB0001506*AXISCN1240273134*RAZORPAY PAYMENT--	TRANSFER FROM 99509044300 / 	4430	 	3,112.27	5,66,356.65
4 Feb 2026	4 Feb 2026	   BY TRANSFER-NEFT*HDFC0000240*HDFCH00780939116*MAKEMYTRIP INDIA--	TRANSFER FROM 99509044300 / 	4430	 	11,708.00	5,78,064.65
4 Feb 2026	4 Feb 2026	   TO TRANSFER-INB DG FUEL--	CT0AADNHH7               TRANSFER TO 40813842129                           SANTANU FUELS / 	99922	10,000.00	 	5,68,064.65
5 Feb 2026	5 Feb 2026	   BY TRANSFER-NEFT*UTIB0000553*AXNGG03613716253*GOOGLE INDIA DIG--	TRANSFER FROM 99509044300 / 	4430	 	50,000.00	6,18,064.65
5 Feb 2026	5 Feb 2026	   BULK POSTING-CR_HOTEL NILACHAL             WB081354        0402--	 / 	16899	 	2,925.66	6,20,990.31
5 Feb 2026	5 Feb 2026	   BY TRANSFER-NEFT*HDFC0000240*HDFCH00783909393*MAKEMYTRIP INDIA--	TRANSFER FROM 99509044300 / 	4430	 	10,089.00	6,31,079.31
6 Feb 2026	6 Feb 2026	   BY TRANSFER-NEFT*UTIB0000553*AXNGG03722160538*GOOGLE INDIA DIG--	TRANSFER FROM 99509044300 / 	4430	 	42,200.00	6,73,279.31
6 Feb 2026	6 Feb 2026	   BULK POSTING-CR_HOTEL NILACHAL             WB081354        0502--	 / 	16899	 	5,112.85	6,78,392.16
6 Feb 2026	6 Feb 2026	   TO TRANSFER-INB OFFICE DOOR MODIFY--	CT0AAFVWT0               TRANSFER TO 41672874333                           Mr. Baban  Sekh / 	99922	2,500.00	 	6,75,892.16
6 Feb 2026	6 Feb 2026	   BY TRANSFER-NEFT*HDFC0000240*HDFCH00786933589*MAKEMYTRIP INDIA--	TRANSFER FROM 99509044300 / 	4430	 	976.00	6,76,868.16
7 Feb 2026	7 Feb 2026	   BY TRANSFER-NEFT*UTIB0000553*AXNGG03833144846*GOOGLE INDIA DIG--	TRANSFER FROM 99509044300 / 	4430	 	38,700.00	7,15,568.16
7 Feb 2026	7 Feb 2026	   TO TRANSFER-INB NEFT UTR NO: SBIN126038862333--SAGARIKA SARDAR	NEFT INB: CNAEYMAVI2                              TRANSFER TO 4698132044308 / SAGARIKA SARDAR	99922	10,800.00	 	7,04,768.16
7 Feb 2026	7 Feb 2026	   TO TRANSFER-INB NEFT UTR NO: SBIN126038862831--RUPAM DUTTA	NEFT INB: CNAEYMAVI1                              TRANSFER TO 4698136044304 / RUPAM DUTTA	99922	9,900.00	 	6,94,868.16
7 Feb 2026	7 Feb 2026	   BULK POSTING-CR_HOTEL NILACHAL             WB081354        0602--	 / 	16899	 	14,363.06	7,09,231.22
7 Feb 2026	7 Feb 2026	   TO TRANSFER-INB NEFT UTR NO: SBIN226038685138--HOTEL NILACHAL	NEFT INB: CNAEYNERL4                              TRANSFER TO 4698129044303 / HOTEL NILACHAL	99922	2,20,000.00	 	4,89,231.22
7 Feb 2026	7 Feb 2026	   TO TRANSFER-INB--	crn26020700857088CK00NRIVW2               TRANSFER TO 40221408443                           CBDT TIN 2.0 POOLING A / 	99922	40,645.00	 	4,48,586.22
7 Feb 2026	7 Feb 2026	   BY TRANSFER-NEFTRRSBIN226038685138(07-02-26)Incorrect Account--	TRANSFER FROM 99507044302 / 	4430	 	2,20,000.00	6,68,586.22
7 Feb 2026	7 Feb 2026	   TO TRANSFER-INB--	crn26020700884437CK00NRJGV6               TRANSFER TO 40221409898                           CBDT TIN 2.0 POOLING A / 	99922	902.00	 	6,67,684.22
7 Feb 2026	7 Feb 2026	   TO TRANSFER-INB--	crn26020700890609CK00NRJJD1               TRANSFER TO 40221409752                           CBDT TIN 2.0 POOLING A / 	99922	100.00	 	6,67,584.22
7 Feb 2026	7 Feb 2026	   TO TRANSFER-INB NEFT UTR NO: SBIN226038838736--HOTEL NILACHAL	NEFT INB: CNAEYNJBQ7                              TRANSFER TO 4698130044309 / HOTEL NILACHAL	99922	2,20,000.00	 	4,47,584.22
7 Feb 2026	7 Feb 2026	   TO TRANSFER-INB NEFT UTR NO: SBIN226038842227--KKR INDUSTRIES	NEFT INB: CNAEYNJFZ6                              TRANSFER TO 4698133044307 / KKR INDUSTRIES	99922	20,000.00	 	4,27,584.22
8 Feb 2026	8 Feb 2026	   TO TRANSFER-INB SERVICE CHARGE--	CT0AAHPEJ9               TRANSFER TO 33243054896                           Mrs. ANWESHA  JHA / 	99922	1,50,000.00	 	2,77,584.22
8 Feb 2026	8 Feb 2026	   BY TRANSFER-NEFT*UTIB0000553*AXNGG03940239064*GOOGLE INDIA DIG--	TRANSFER FROM 99509044300 / 	4430	 	30,000.00	3,07,584.22
8 Feb 2026	8 Feb 2026	   TO TRANSFER-INB--	4965757064CHW0849179               TRANSFER TO 4899898162095 / 	99922	2,160.00	 	3,05,424.22
8 Feb 2026	8 Feb 2026	   BY TRANSFER-INB LOAN REPAYMENT--	CT0AAHZVE7               TRANSFER FROM 40043984994                         HOTEL NILACHAL / 	99922	 	5,00,000.00	8,05,424.22
8 Feb 2026	8 Feb 2026	   TO TRANSFER-INB--	0601200086613CHW0868758               TRANSFER TO 4694715162091 / 	99922	1,32,359.00	 	6,73,065.22
8 Feb 2026	8 Feb 2026	   TO TRANSFER-INB SERVICE CHARGE--	CT0AAICGZ1               TRANSFER TO 44462248597                           SANGRAM ROY HUF / 	99922	2,25,000.00	 	4,48,065.22
9 Feb 2026	9 Feb 2026	   BY TRANSFER-NEFT*UTIB0000553*AXNGG04048229034*GOOGLE INDIA DIG--	TRANSFER FROM 99509044300 / 	4430	 	53,553.00	5,01,618.22
9 Feb 2026	9 Feb 2026	   BY TRANSFER-NEFT*UTIB0001506*AXISCN1246300489*RAZORPAY PAYMENT--	TRANSFER FROM 99509044300 / 	4430	 	549.23	5,02,167.45
9 Feb 2026	9 Feb 2026	   BY TRANSFER-NEFT*HDFC0000240*HDFCH00794538765*MAKEMYTRIP INDIA--	TRANSFER FROM 99509044300 / 	4430	 	7,887.00	5,10,054.45
10 Feb 2026	10 Feb 2026	   BY TRANSFER-NEFT*UTIB0000553*AXNGG04156363301*GOOGLE INDIA DIG--	TRANSFER FROM 99509044300 / 	4430	 	25,200.00	5,35,254.45
10 Feb 2026	10 Feb 2026	   TO TRANSFER-INB NEFT UTR NO: SBIN426041870313--KKR INDUSTRIES	NEFT INB: CNAEYQCVY6                              TRANSFER TO 4698150044305 / KKR INDUSTRIES	99922	425.00	 	5,34,829.45
10 Feb 2026	10 Feb 2026	   BY TRANSFER-NEFT*UTIB0001506*AXISCN1247474324*RAZORPAY PAYMENT--	TRANSFER FROM 99509044300 / 	4430	 	548.88	5,35,378.33
10 Feb 2026	10 Feb 2026	   BY TRANSFER-NEFT*ICIC0SF0002*IN12604123220066*SWAPAN BASU*BATC--	TRANSFER FROM 99509044300 / 	4430	 	2,890.00	5,38,268.33
10 Feb 2026	10 Feb 2026	   BY TRANSFER-NEFT*HDFC0000240*HDFCH00796943365*MAKEMYTRIP INDIA--	TRANSFER FROM 99509044300 / 	4430	 	2,353.00	5,40,621.33
11 Feb 2026	11 Feb 2026	   BY TRANSFER-NEFT*UTIB0000553*AXNGG04267476810*GOOGLE INDIA DIG--	TRANSFER FROM 99509044300 / 	4430	 	20,363.00	5,60,984.33
11 Feb 2026	11 Feb 2026	   BY TRANSFER-NEFT*UTIB0001506*AXISCN1248693195*RAZORPAY PAYMENT--	TRANSFER FROM 99509044300 / 	4430	 	1,098.11	5,62,082.44
11 Feb 2026	11 Feb 2026	   BY TRANSFER-NEFT*HDFC0000240*HDFCH00799893443*MAKEMYTRIP INDIA--	TRANSFER FROM 99509044300 / 	4430	 	3,161.00	5,65,243.44
12 Feb 2026	12 Feb 2026	   BY TRANSFER-NEFT*UTIB0000553*AXNGG04375803768*GOOGLE INDIA DIG--	TRANSFER FROM 99509044300 / 	4430	 	18,200.00	5,83,443.44
12 Feb 2026	12 Feb 2026	   BY TRANSFER-NEFT*HSBC0110005*HSBCN04318911400*AGODA COMPANY PT--	TRANSFER FROM 99509044300 / 	4430	 	5,866.56	5,89,310.00
12 Feb 2026	12 Feb 2026	   BULK POSTING-CR_RELEASE HOLD-F- WB081354--	 / 	16899	 	10,142.46	5,99,452.46
12 Feb 2026	12 Feb 2026	   BULK POSTING-CR_HOTEL NILACHAL             WB081354        1102--	 / 	16899	 	13,038.05	6,12,490.51
12 Feb 2026	12 Feb 2026	   BY TRANSFER-NEFT*UTIB0001506*AXISCN1250199168*RAZORPAY PAYMENT--	TRANSFER FROM 99509044300 / 	4430	 	1,373.07	6,13,863.58
12 Feb 2026	12 Feb 2026	   BY TRANSFER-NEFT*HDFC0000240*HDFCH00801887683*MAKEMYTRIP INDIA--	TRANSFER FROM 99509044300 / 	4430	 	20,907.00	6,34,770.58
13 Feb 2026	13 Feb 2026	   BY TRANSFER-NEFT*UTIB0000553*AXNGG04485004873*GOOGLE INDIA DIG--	TRANSFER FROM 99509044300 / 	4430	 	25,400.00	6,60,170.58
13 Feb 2026	13 Feb 2026	   BY TRANSFER-NEFT*ICIC0000104*IN22604409415289*Yatra Hotel Solu--	TRANSFER FROM 99509044300 / 	4430	 	1,051.00	6,61,221.58
14 Feb 2026	14 Feb 2026	   BY TRANSFER-NEFT*UTIB0000553*AXNGG04594270193*GOOGLE INDIA DIG--	TRANSFER FROM 99509044300 / 	4430	 	31,600.00	6,92,821.58
15 Feb 2026	15 Feb 2026	   TO TRANSFER-INB NEFT UTR NO: SBIN126045509961--MAA  JASORESWARI ENTERPRISE	NEFT INB: CNAEYXKSA1                              TRANSFER TO 4698151044305 / MAA  JASORESWARI ENTERPRISE	99922	10,000.00	 	6,82,821.58
15 Feb 2026	15 Feb 2026	   BY TRANSFER-NEFT*UTIB0000553*AXNGG04603972851*GOOGLE INDIA DIG--	TRANSFER FROM 99509044300 / 	4430	 	31,064.00	7,13,885.58
15 Feb 2026	15 Feb 2026	   TO TRANSFER-INB--	SGRSxhfrtIGNNpCHW1687204               TRANSFER TO 4899790162096 / 	99922	1,563.00	 	7,12,322.58
16 Feb 2026	16 Feb 2026	   BY TRANSFER-NEFT*UTIB0000553*AXNGG04709642730*GOOGLE INDIA DIG--	TRANSFER FROM 99509044300 / 	4430	 	32,810.00	7,45,132.58
16 Feb 2026	16 Feb 2026	   BULK POSTING-CR_HOTEL NILACHAL             WB081354        1502--	 / 	16899	 	12,730.21	7,57,862.79
16 Feb 2026	16 Feb 2026	   BY TRANSFER-NEFT*UTIB0001506*AXISCN1254022444*RAZORPAY PAYMENT--	TRANSFER FROM 99509044300 / 	4430	 	548.88	7,58,411.67
16 Feb 2026	16 Feb 2026	   TO TRANSFER-INB NEFT UTR NO: SBIN226047478050--INNMART SOLUTION	NEFT INB: CNAEYYTME1                              TRANSFER TO 4698151044305 / INNMART SOLUTION	99922	4,248.00	 	7,54,163.67
17 Feb 2026	17 Feb 2026	   BY TRANSFER-NEFT*UTIB0000553*AXNGG04818487969*GOOGLE INDIA DIG--	TRANSFER FROM 99509044300 / 	4430	 	31,902.00	7,86,065.67
17 Feb 2026	17 Feb 2026	   TO TRANSFER-INB NEFT UTR NO: SBIN326048163616--AYAAN ENTERPRISE	NEFT INB: CNAEYZNQL4                              TRANSFER TO 4698153044303 / AYAAN ENTERPRISE	99922	9,289.00	 	7,76,776.67
17 Feb 2026	17 Feb 2026	   TO TRANSFER-INB NEFT UTR NO: SBIN326048182700--AYAAN ENTERPRISE	NEFT INB: CNAEYZOOA1                              TRANSFER TO 4698153044303 / AYAAN ENTERPRISE	99922	273.00	 	7,76,503.67
17 Feb 2026	17 Feb 2026	   TO TRANSFER-INB NEFT UTR NO: SBIN326048184832--U NIMATE INDIA	NEFT INB: CNAEYZOQK6                              TRANSFER TO 4697154044300 / U NIMATE INDIA	99922	21,105.00	 	7,55,398.67
17 Feb 2026	17 Feb 2026	   BY TRANSFER-NEFT*UTIB0001506*AXISCN1255183843*RAZORPAY PAYMENT--	TRANSFER FROM 99509044300 / 	4430	 	2,013.14	7,57,411.81
17 Feb 2026	17 Feb 2026	   TO TRANSFER-INB NEFT UTR NO: SBIN326048477202--PRATIMA FLEX HOUSE	NEFT INB: CNAEYZZNC7                              TRANSFER TO 4697164044309 / PRATIMA FLEX HOUSE	99922	5,000.00	 	7,52,411.81
17 Feb 2026	17 Feb 2026	   TO TRANSFER-INB NEFT UTR NO: SBIN326048478403--PRANAY KARMAKAR	NEFT INB: CNAEYZZRO3                              TRANSFER TO 4698142044306 / PRANAY KARMAKAR	99922	23,000.00	 	7,29,411.81
17 Feb 2026	17 Feb 2026	   BY TRANSFER-NEFT*HDFC0000240*HDFCH00810803128*MAKEMYTRIP INDIA--	TRANSFER FROM 99509044300 / 	4430	 	12,593.00	7,42,004.81
18 Feb 2026	18 Feb 2026	   BY TRANSFER-NEFT*UTIB0000553*AXNGG04929024158*GOOGLE INDIA DIG--	TRANSFER FROM 99509044300 / 	4430	 	29,200.00	7,71,204.81
18 Feb 2026	18 Feb 2026	   BULK POSTING-CR_HOTEL NILACHAL             WB081354        1702--	 / 	16899	 	5,327.54	7,76,532.35
18 Feb 2026	18 Feb 2026	   TO TRANSFER-INB NEFT UTR NO: SBIN426049815572--PRATIMA FLEX HOUSE	NEFT INB: CNAEZBKTE9                              TRANSFER TO 4697163044300 / PRATIMA FLEX HOUSE	99922	5,798.00	 	7,70,734.35
18 Feb 2026	18 Feb 2026	   BY TRANSFER-NEFT*HDFC0000240*HDFCH00812796152*MAKEMYTRIP INDIA--	TRANSFER FROM 99509044300 / 	4430	 	9,887.00	7,80,621.35
18 Feb 2026	18 Feb 2026	   TO TRANSFER-INB NEFT UTR NO: SBIN526049840623--SOURAV HAZRA	NEFT INB: CNAEZCIJX7                              TRANSFER TO 4697159044305 / SOURAV HAZRA	99922	1,500.00	 	7,79,121.35
19 Feb 2026	19 Feb 2026	   BY TRANSFER-NEFT*UTIB0000553*AXNGG05055504580*GOOGLE INDIA DIG--	TRANSFER FROM 99509044300 / 	4430	 	10,000.00	7,89,121.35
19 Feb 2026	19 Feb 2026	   BY TRANSFER-NEFT*HSBC0110005*HSBCN05020561615*AGODA COMPANY PT--	TRANSFER FROM 99509044300 / 	4430	 	2,643.84	7,91,765.19
19 Feb 2026	19 Feb 2026	   BY TRANSFER-NEFT*HSBC0110005*HSBCN05020564452*AGODA COMPANY PT--	TRANSFER FROM 99509044300 / 	4430	 	5,702.40	7,97,467.59
19 Feb 2026	19 Feb 2026	   BY TRANSFER-NEFT*UTIB0000409*AXOBR05059810019*BENGAL BEVERAGES--	TRANSFER FROM 99509044300 / 	4430	 	6,955.00	8,04,422.59
19 Feb 2026	19 Feb 2026	   TO TRANSFER-INB NEFT UTR NO: SBIN126050737252--TARA MAA DISTRIBUTOR	NEFT INB: CNAEZDHHH1                              TRANSFER TO 4698149044309 / TARA MAA DISTRIBUTOR	99922	10,752.00	 	7,93,670.59
19 Feb 2026	19 Feb 2026	   BY TRANSFER-NEFT*HDFC0000240*HDFCH00814189457*MAKEMYTRIP INDIA--	TRANSFER FROM 99509044300 / 	4430	 	2,158.00	7,95,828.59
20 Feb 2026	20 Feb 2026	   BY TRANSFER-NEFT*UTIB0000553*AXNGG05161994267*GOOGLE INDIA DIG--	TRANSFER FROM 99509044300 / 	4430	 	8,500.00	8,04,328.59
20 Feb 2026	20 Feb 2026	   TO TRANSFER-INB NEFT UTR NO: SBIN226051236430--MAA ANJANA FURNITURE AND PLYWOOD	NEFT INB: CNAEZEBTG9                              TRANSFER TO 4698146044302 / MAA ANJANA FURNITURE AND PLYWOOD	99922	5,600.00	 	7,98,728.59
20 Feb 2026	20 Feb 2026	   TO TRANSFER-INB NEFT UTR NO: SBIN226051263120--PRATIMA FLEX HOUSE	NEFT INB: CNAEZECWN1                              TRANSFER TO 4698132044308 / PRATIMA FLEX HOUSE	99922	6,884.00	 	7,91,844.59
20 Feb 2026	20 Feb 2026	   TO TRANSFER-INB NEFT UTR NO: SBIN226051581133--SOMNATH HALDER	NEFT INB: CNAEZELPV4                              TRANSFER TO 4698144044304 / SOMNATH HALDER	99922	1,800.00	 	7,90,044.59
20 Feb 2026	20 Feb 2026	   TO TRANSFER-INB BILL_RMKVS Payments--	CSBIY201CI8O4VCHW2269413               TRANSFER TO 3199612162095 / 	99922	10,290.00	 	7,79,754.59
20 Feb 2026	20 Feb 2026	   BY TRANSFER-NEFT*ICIC0000104*IN22605116056498*Yatra Hotel Solu--	TRANSFER FROM 99509044300 / 	4430	 	2,102.00	7,81,856.59
21 Feb 2026	21 Feb 2026	   BY TRANSFER-NEFT*UTIB0000553*AXNGG05270862001*GOOGLE INDIA DIG--	TRANSFER FROM 99509044300 / 	4430	 	38,164.00	8,20,020.59
21 Feb 2026	21 Feb 2026	   TO TRANSFER-INB--	60221703427460119553CHW2334710               TRANSFER TO 4694625162093 / 	99922	3,599.00	 	8,16,421.59
21 Feb 2026	21 Feb 2026	   TO TRANSFER-INB SHIB RATRI FOOD--	CT0AAWEUT8               TRANSFER TO 43654720822                           MAYAPUR HOSPITALITY PR / 	99922	25,000.00	 	7,91,421.59
21 Feb 2026	21 Feb 2026	   TO TRANSFER-INB NEFT UTR NO: SBIN326052670367--SUDIPTA BUILDERS	NEFT INB: CNAEZFNZP9                              TRANSFER TO 4698134044306 / SUDIPTA BUILDERS	99922	38,073.00	 	7,53,348.59
21 Feb 2026	21 Feb 2026	   BY TRANSFER-NEFT*UTIB0001506*AXISCN1259635687*RAZORPAY PAYMENT--	TRANSFER FROM 99509044300 / 	4430	 	686.52	7,54,035.11
21 Feb 2026	21 Feb 2026	   TO TRANSFER-INB NEFT UTR NO: SBIN326052710741--MAA  JASORESWARI ENTERPRISE	NEFT INB: CNAEZFPNR8                              TRANSFER TO 4697156044308 / MAA  JASORESWARI ENTERPRISE	99922	6,300.00	 	7,47,735.11
22 Feb 2026	22 Feb 2026	   BY TRANSFER-NEFT*UTIB0000553*AXNGG05380792631*GOOGLE INDIA DIG--	TRANSFER FROM 99509044300 / 	4430	 	32,500.00	7,80,235.11
23 Feb 2026	23 Feb 2026	   BY TRANSFER-NEFT*UTIB0000553*AXNGG05487544241*GOOGLE INDIA DIG--	TRANSFER FROM 99509044300 / 	4430	 	28,007.00	8,08,242.11
23 Feb 2026	23 Feb 2026	   BULK POSTING-CR_HOTEL NILACHAL             WB081354        2202--	 / 	16899	 	2,925.66	8,11,167.77
23 Feb 2026	23 Feb 2026	   BY TRANSFER-NEFT*HDFC0000240*HDFCH00819625298*MAKE MY TRIP (IN--	TRANSFER FROM 99509044300 / 	4430	 	2,877.00	8,14,044.77
24 Feb 2026	24 Feb 2026	   BY TRANSFER-NEFT*UTIB0000553*AXNGG05599744241*GOOGLE INDIA DIG--	TRANSFER FROM 99509044300 / 	4430	 	22,273.00	8,36,317.77
24 Feb 2026	24 Feb 2026	   BULK POSTING-CR_HOTEL NILACHAL             WB081354        2302--	 / 	16899	 	2,085.27	8,38,403.04
24 Feb 2026	24 Feb 2026	   BY TRANSFER-NEFT*UTIB0001506*AXISCN1262290470*RAZORPAY PAYMENT--	TRANSFER FROM 99509044300 / 	4430	 	3,359.24	8,41,762.28
24 Feb 2026	24 Feb 2026	   BY TRANSFER-NEFT*HDFC0000240*HDFCH00822215082*MAKE MY TRIP (IN--	TRANSFER FROM 99509044300 / 	4430	 	976.00	8,42,738.28
24 Feb 2026	24 Feb 2026	   BY TRANSFER-INB Refund of CHW1687204--	SGRSxhfrtIGNNp1CXA3853196               TRANSFER FROM 4899799162098 / 	99922	 	638.00	8,43,376.28
24 Feb 2026	24 Feb 2026	   TO TRANSFER-INB NEFT UTR NO: SBIN126055774102--SANGRAM ROY	NEFT INB: CNAEZJLSA6                              TRANSFER TO 4698148044300 / SANGRAM ROY	99922	25,000.00	 	8,18,376.28
24 Feb 2026	24 Feb 2026	   TO TRANSFER-INB LOAN--	CT0AAZKWC3               TRANSFER TO 40043984994                           HOTEL NILACHAL / 	99922	1,50,000.00	 	6,68,376.28
25 Feb 2026	25 Feb 2026	   BY TRANSFER-NEFT*UTIB0000553*AXNGG05603848447*GOOGLE INDIA DIG--	TRANSFER FROM 99509044300 / 	4430	 	32,700.00	7,01,076.28
25 Feb 2026	25 Feb 2026	   BULK POSTING-CR_HOTEL NILACHAL             WB081354        2402--	 / 	16899	 	3,426.50	7,04,502.78
25 Feb 2026	25 Feb 2026	   BY TRANSFER-UPI/CR/439362069334/Mr SAMBH/CBIN/9431409331/Payme--	TRANSFER FROM 4897734162099 / 	1	 	1,000.00	7,05,502.78
25 Feb 2026	25 Feb 2026	   BY TRANSFER-UPI/CR/214086453189/Mr SAMBH/CBIN/9431409331/Payme--	TRANSFER FROM 4897734162099 / 	1	 	2,000.00	7,07,502.78
25 Feb 2026	25 Feb 2026	   BY TRANSFER-NEFT*HDFC0000240*HDFCH00824204749*MAKE MY TRIP (IN--	TRANSFER FROM 99509044300 / 	4430	 	1,182.00	7,08,684.78
26 Feb 2026	26 Feb 2026	   BY TRANSFER-NEFT*UTIB0000553*AXNGG05711836919*GOOGLE INDIA DIG--	TRANSFER FROM 99509044300 / 	4430	 	34,970.00	7,43,654.78
26 Feb 2026	26 Feb 2026	   BY TRANSFER-NEFT*HSBC0110005*HSBCN05722338821*AGODA COMPANY PT--	TRANSFER FROM 99509044300 / 	4430	 	1,321.92	7,44,976.70
26 Feb 2026	26 Feb 2026	   BULK POSTING-CR_HOTEL NILACHAL             WB081354        2502--	 / 	16899	 	2,340.53	7,47,317.23
26 Feb 2026	26 Feb 2026	   TO TRANSFER-INB NEFT UTR NO: SBIN326057491253--PRANAY KARMAKAR	NEFT INB: CNAEZLNFB2                              TRANSFER TO 4698131044309 / PRANAY KARMAKAR	99922	3,500.00	 	7,43,817.23
26 Feb 2026	26 Feb 2026	   BY TRANSFER-NEFT*UTIB0001506*AXISCN1264790290*RAZORPAY PAYMENT--	TRANSFER FROM 99509044300 / 	4430	 	686.52	7,44,503.75
26 Feb 2026	26 Feb 2026	   TO TRANSFER-INB NEFT UTR NO: SBIN426057132487--ABM TECHNO MATRIX PVT LTD	NEFT INB: CNAEZMBGL1                              TRANSFER TO 4698135044305 / ABM TECHNO MATRIX PVT LTD	99922	10,000.00	 	7,34,503.75
26 Feb 2026	26 Feb 2026	   BY TRANSFER-NEFT*HDFC0000240*HDFCH00826412227*MAKE MY TRIP (IN--	TRANSFER FROM 99509044300 / 	4430	 	1,581.00	7,36,084.75
26 Feb 2026	26 Feb 2026	   BY TRANSFER-INB  ITDTAX REFUND 2025 26 ADVPR3626DITDTAX REFUND--	GOV00000000270416226          GO3199798300001TRANSFER FROM 33273312265                         CMP  ITRO ACCOUNT / 	99922	 	49,207.00	7,85,291.75
27 Feb 2026	27 Feb 2026	   BY TRANSFER-NEFT*UTIB0000553*AXNGG05820375204*GOOGLE INDIA DIG--	TRANSFER FROM 99509044300 / 	4430	 	24,547.00	8,09,838.75
27 Feb 2026	27 Feb 2026	   TO TRANSFER-INB OFFICE DOOR MODIFY--	CT0ABCOMU9               TRANSFER TO 41672874333                           Mr. Baban  Sekh / 	99922	1,500.00	 	8,08,338.75
27 Feb 2026	27 Feb 2026	   BY TRANSFER-NEFT*HDFC0000240*HDFCH00830724645*MAKE MY TRIP (IN--	TRANSFER FROM 99509044300 / 	4430	 	2,364.00	8,10,702.75
27 Feb 2026	27 Feb 2026	   TO TRANSFER-INB NEFT UTR NO: SBIN126058871432--PRANAY KARMAKAR	NEFT INB: CNAEZNYQV3                              TRANSFER TO 4698153044303 / PRANAY KARMAKAR	99922	4,300.00	 	8,06,402.75
28 Feb 2026	28 Feb 2026	   BY TRANSFER-NEFT*UTIB0000553*AXNGG05932034230*GOOGLE INDIA DIG--	TRANSFER FROM 99509044300 / 	4430	 	37,300.00	8,43,702.75
1 Mar 2026	1 Mar 2026	   BY TRANSFER-NEFT*UTIB0000553*AXNGG06038781155*GOOGLE INDIA DIG--	TRANSFER FROM 99509044300 / 	4430	 	21,916.00	8,65,618.75
1 Mar 2026	1 Mar 2026	   TO TRANSFER-INB--	27503670127CHW3116831               TRANSFER TO 4599576162099 / 	99922	3,137.00	 	8,62,481.75
1 Mar 2026	1 Mar 2026	   BY TRANSFER-INB LOAN REPAYMENT--	CT0ABEROF9               TRANSFER FROM 40043984994                         HOTEL NILACHAL / 	99922	 	1,50,000.00	10,12,481.75
2 Mar 2026	2 Mar 2026	   BY TRANSFER-NEFT*UTIB0000553*AXNGG06145984752*GOOGLE INDIA DIG--	TRANSFER FROM 99509044300 / 	4430	 	21,000.00	10,33,481.75

**This is a computer generated statement and does not require a signature